@article{seppala2009geomagnetic,
  title={Geomagnetic activity and polar surface air temperature variability},
  author={Sepp{\"a}l{\"a}, A and Randall, CE and Clilverd, Mark A and Rozanov, Eugene and Rodger, CJ},
  journal={Journal of Geophysical Research: Space Physics},
  volume={114},
  number={A10},
  year={2009},
  publisher={Wiley Online Library}
}
@article{rozanov2012influence,
  title={Influence of the precipitating energetic particles on atmospheric chemistry and climate},
  author={Rozanov, Eugene and Calisto, M and Egorova, T and Peter, T and Schmutz, W},
  journal={Surveys in geophysics},
  volume={33},
  pages={483--501},
  year={2012},
  publisher={Springer}
}
@article{mizuno2002millimeter,
  title={Millimeter-wave radiometer for the measurement of stratospheric ClO using a superconductive ({SIS}) receiver installed in the southern hemisphere},
  author={Mizuno, A and Nagahama, T and Morihira, A and Ogawa, H and Mizuno, N and Yonekura, Y and Yamamoto, H and Nakane, H and Fukui, Y},
  journal={International Journal of Infrared and Millimeter Waves},
  volume={23},
  number={7},
  pages={981--995},
  year={2002},
  publisher={Springer}
}
@article{ito2017master,
  author          = {伊藤弘樹},
  journal         = {名古屋大学大学院 理学研究科 修士論文},
  title           = {ノルウェー・トロムソに向けたミリ波分光観測装置の開発～{NO}分子両極域同時観測を目指して～},
  year            = {2017}
}
@article{uemura2014master,
  author          = {上村美久},
  journal         = {名古屋大学大学院 理学研究科 修士論文},
  title           = {地上ミリ波観測装置による極域中間圏一酸化窒素の時間変動},
  year            = {2014}
}
@article{lopez2005observation,
  title={Observation of NOx enhancement and ozone depletion in the Northern and Southern Hemispheres after the October--November 2003 solar proton events},
  author={L{\'o}pez-Puertas, Manuel and Funke, B and Gil-L{\'o}pez, S and Von Clarmann, T and Stiller, GP and H{\"o}pfner, M and Kellmann, S and Fischer, H and Jackman, CH},
  journal={Journal of Geophysical Research: Space Physics},
  volume={110},
  number={A9},
  year={2005},
  publisher={Wiley Online Library}
}
@article{isono2014ground,
  title={Ground-based observations of nitric oxide in the mesosphere and lower thermosphere over Antarctica in 2012--2013},
  author={Isono, Yasuko and Mizuno, Akira and Nagahama, Tomoo and Miyoshi, Yoshizumi and Nakamura, Takuji and Kataoka, Ryuho and Tsutsumi, Masaki and Ejiri, Mitsumu K and Fujiwara, Hitoshi and Maezawa, Hiroyuki and others},
  journal={Journal of Geophysical Research: Space Physics},
  volume={119},
  number={9},
  pages={7745--7761},
  year={2014},
  publisher={Wiley Online Library}
}
@article{goto2021bachelor,
  author          = {後藤宏文},
  journal         = {名古屋大学 工学部 卒業論文},
  title           = {トロムソにおける一酸化窒素({NO})スペクトルデータのスクリーニングとキャリブレーションに関する考察},
  year            = {2021}
}
