@article{goto2021bachelor,
  author  = {後藤宏文},
  journal = {名古屋大学 工学部 卒業論文},
  title   = {トロムソにおける一酸化窒素({NO})スペクトルデータのスクリーニングとキャリブレーションに関する考察},
  year    = {2021}
}
@article{isono2014ground,
  author    = {Isono, Yasuko and Mizuno, Akira and Nagahama, Tomoo and Miyoshi, Yoshizumi and Nakamura, Takuji and Kataoka, Ryuho and Tsutsumi, Masaki and Ejiri, Mitsumu K and Fujiwara, Hitoshi and Maezawa, Hiroyuki and others},
  journal   = {Journal of Geophysical Research: Space Physics},
  number    = {9},
  pages     = {7745--7761},
  publisher = {Wiley Online Library},
  title     = {Ground-based observations of nitric oxide in the mesosphere and lower thermosphere over Antarctica in 2012--2013},
  volume    = {119},
  year      = {2014}
}
@article{isono2014variations,
  author    = {Isono, Yasuko and Mizuno, Akira and Nagahama, Tomoo and Miyoshi, Yoshizumi and Nakamura, Takuji and Kataoka, Ryuho and Tsutsumi, Masaki and Ejiri, Mitsumu K and Fujiwara, Hitoshi and Maezawa, Hiroyuki},
  journal   = {Geophysical Research Letters},
  number    = {7},
  pages     = {2568--2574},
  publisher = {Wiley Online Library},
  title     = {Variations of nitric oxide in the mesosphere and lower thermosphere over Antarctica associated with a magnetic storm in April 2012},
  volume    = {41},
  year      = {2014}
}
@article{ito2017master,
  author  = {伊藤弘樹},
  journal = {名古屋大学大学院 理学研究科 修士論文},
  title   = {ノルウェー・トロムソに向けたミリ波分光観測装置の開発～{NO}分子両極域同時観測を目指して～},
  year    = {2017}
}
@article{iwata2019master,
  author  = {岩田裕之},
  journal = {名古屋大学大学院 工学研究科 修士論文},
  title   = {南極昭和基地における中層大気多分子同時観測のためのミリ波分光観測装置フロントエンドの開発},
  year    = {2019}
}
@misc{king2023omni,
  author       = {Joe King and Natalia Papitashvili and GSFC/SPDF and ADNET Systems{,} Inc{.}},
  howpublished = {\url{https://omniweb.gsfc.nasa.gov/html/HROdocum.html}},
  title        = {One min and 5-min solar wind data sets at the {E}arth's bow shock nose},
  year         = {2023}
}
@article{kosegaki2020master,
  author  = {小瀬垣貴彦},
  journal = {名古屋大学大学院 工学研究科 修士論文},
  title   = {南極昭和基地における中層大気多分子同時観測のためのミリ波分光観測装置フロントエンドの開発},
  year    = {2020}
}
@article{lopez2005observation,
  author    = {L{\'o}pez-Puertas, Manuel and Funke, B and Gil-L{\'o}pez, S and Von Clarmann, T and Stiller, GP and H{\"o}pfner, M and Kellmann, S and Fischer, H and Jackman, CH},
  journal   = {Journal of Geophysical Research: Space Physics},
  number    = {A9},
  publisher = {Wiley Online Library},
  title     = {Observation of {NOx} enhancement and ozone depletion in the Northern and Southern Hemispheres after the October--November 2003 solar proton events},
  volume    = {110},
  year      = {2005}
}
@article{mizuno2002millimeter,
  author    = {Mizuno, A and Nagahama, T and Morihira, A and Ogawa, H and Mizuno, N and Yonekura, Y and Yamamoto, H and Nakane, H and Fukui, Y},
  journal   = {International Journal of Infrared and Millimeter Waves},
  number    = {7},
  pages     = {981--995},
  publisher = {Springer},
  title     = {Millimeter-wave radiometer for the measurement of stratospheric {ClO} using a superconductive ({SIS}) receiver installed in the southern hemisphere},
  volume    = {23},
  year      = {2002}
}
@inbook{nakai2009inbook,
  chapter   = {5.3.2節},
  edition   = {1},
  editor    = {中井{ }直正 and 坪井{ }昌人 and 福井{ }康雄},
  number    = {2},
  pages     = {203},
  publisher = {日本評論社},
  series    = {シリーズ現代の天文学},
  title     = {宇宙の観測 I\hspace{-1.2pt}I 電波天文学},
  volume    = {16},
  year      = {2009.8}
}
@article{nakajima2020waveguide,
  author    = {Nakajima, Taku and Haratani, Kohei and Mizuno, Akira and Suzuki, Kazuji and Kojima, Takafumi and Uzawa, Yoshinori and Asayama, Shin'ichiro and Watanabe, Issei},
  journal   = {Journal of Infrared, Millimeter, and Terahertz Waves},
  pages     = {1530--1555},
  publisher = {Springer},
  title     = {Waveguide-type multiplexer for multiline observation of atmospheric molecules using millimeter-wave spectroradiometer},
  volume    = {41},
  year      = {2020}
}
@article{rozanov2012influence,
  author    = {Rozanov, Eugene and Calisto, M and Egorova, T and Peter, T and Schmutz, W},
  journal   = {Surveys in geophysics},
  pages     = {483--501},
  publisher = {Springer},
  title     = {Influence of the precipitating energetic particles on atmospheric chemistry and climate},
  volume    = {33},
  year      = {2012}
}
@article{sakuma2023superconducting,
  author    = {Sakuma, K and Rachi, S and Mizoguchi, G and Nakajima, T and Mizuno, A and Sekiya, N},
  journal   = {IEEE Transactions on Applied Superconductivity},
  number    = {5},
  pages     = {1--4},
  publisher = {IEEE},
  title     = {A Superconducting Dual-Band Bandpass Filter for IF Signals of Multi-Frequency Millimeter-Wave Atmospheric Spectrometer},
  volume    = {33},
  year      = {2023}
}
@article{seppala2009geomagnetic,
  author    = {Sepp{\"a}l{\"a}, A and Randall, CE and Clilverd, Mark A and Rozanov, Eugene and Rodger, CJ},
  journal   = {Journal of Geophysical Research: Space Physics},
  number    = {A10},
  publisher = {Wiley Online Library},
  title     = {Geomagnetic activity and polar surface air temperature variability},
  volume    = {114},
  year      = {2009}
}
@misc{sugiura1986dst,
  author       = {Sugiura, Masahisa and Kamei, Toyohisa},
  howpublished = {\url{https://wdc.kugi.kyoto-u.ac.jp/dstdir/dst2/onDstindex.html}},
  title        = {Equatorial {Dst} index 1957-1986},
  year         = {1986}
}
@article{turunen2009impact,
  author    = {Turunen, Esa and Verronen, Pekka T and Sepp{\"a}l{\"a}, Annika and Rodger, Craig J and Clilverd, Mark A and Tamminen, Johanna and Enell, Carl-Fredrik and Ulich, Thomas},
  journal   = {Journal of Atmospheric and Solar-Terrestrial Physics},
  number    = {10-11},
  pages     = {1176--1189},
  publisher = {Elsevier},
  title     = {Impact of different energies of precipitating particles on {NOx} generation in the middle and upper atmosphere during geomagnetic storms},
  volume    = {71},
  year      = {2009}
}
@article{uemura2014master,
  author  = {上村美久},
  journal = {名古屋大学大学院 理学研究科 修士論文},
  title   = {地上ミリ波観測装置による極域中間圏一酸化窒素の時間変動},
  year    = {2014}
}
@article{ulich1980absolute,
  author    = {Ulich, B and Davis, J and Rhodes, P and Hollis, J},
  journal   = {IEEE Transactions on antennas and propagation},
  number    = {3},
  pages     = {367--377},
  publisher = {IEEE},
  title     = {Absolute brightness temperature measurements at 3.5-mm wavelength},
  volume    = {28},
  year      = {1980}
}
@misc{wdc2009asysym,
  author       = {World Data Center for Geomagnetism, Kyoto},
  howpublished = {\url{https://wdc.kugi.kyoto-u.ac.jp/aeasy/asy.pdf}},
  title        = {Mid-latitude Geomagnetic Indices "{ASY}" and "{SYM}" for 2009 (Provisional)},
  year         = {2010}
}
@misc{wdc2022aedst,
  author       = {World Data Center for Geomagnetism, Kyoto},
  howpublished = {\url{https://wdc.kugi.kyoto-u.ac.jp/wdc/pdf/AEDst_version_def_v2.pdf}},
  title        = {Version definitions of {AE} and {Dst} geomagnetic indices},
  year         = {2022}
}
@misc{wdc2022creditdst,
  author       = {World Data Center for Geomagnetism{,} Kyoto and M. Nose and T. Iyemori and M. Sugiura and T. Kamei},
  howpublished = {\url{doi:10.17593/14515-74000}},
  title        = {Geomagnetic {Dst} index},
  year         = {2015}
}
@misc{wdc2022onAEindex,
  author       = {World Data Center for Geomagnetism{,} Kyoto and T. Kamei and M. Sugiura and T. Araki},
  howpublished = {\url{https://wdc.kugi.kyoto-u.ac.jp/aedir/ae2/onAEindex.html}},
  title        = {Auroral Electrojet ({AE}) Indices for {J}anuary - {D}ecember 1992 (Provisional)},
  year         = {1992}
}
